% hint: scholar.google.com -> preferences -> show bibtex citatations

@misc{NetLogo,
	author = {Wilensky, U},
	title = {NetLogo},
	year = "1996",
	howpublished = "\url{http://ccl.northwestern.edu/netlogo/}",
	address = {Center for Connected Learning and Computer-Based Modeling, Northwestern University. Evanston, IL.}
}

@misc{MidiCSD,
	author = {Neuwirth, E},
	title = {MidiCSD},
	year = "2008",
	howpublished = "\url{http://sunsite.univie.ac.at/musicfun/MidiCSD/}"
}

@misc{fh-wedel,
	author = {Schmidt, U},
	title = {OOP mit Java: Synchronisation von Threads},
	note = {last seen: 29.9.2010},
	howpublished = "\url{http://www.fh-wedel.de/~si/vorlesungen/java/OOPMitJava/Multithreading/Synchronisation.html}"
}

@misc{midi-inst,
	author = {Midi Manufacturer Assosiation},
	title = {GM 1 Soundset},
	note = {last seen: 18.11.2010},
	howpublished = "\url{http://www.midi.org/techspecs/gm1sound.php}"
}

@misc{midi-java,
	author = {Luedeke, A},
	title = {Java-Sound, Midi},
	note = {last seen: 18.11.2010},
	howpublished = "\url{http://www-lehre.informatik.uni-osnabrueck.de/~aluedeke/java/javaSound/midi.html}"
}

@misc{midi-javafaq,
	author = {Pfisterer M, Bomers F },
	year = {2000, 2005},
	title = {Java Sound Rescources: FAQ: Midi Programming},
	note = {last seen: 18.11.2010},
	howpublished = "\url{http://www.jsresources.org/faq_midi.html}"
}
